@article {SJIT,
author = {Sung, S. C. and Vlach},
title = {Maximizing Weighted Number of Just-In-Time Jobs on Unrelated Parallel Machines},
journal = {Jurnal of Scheduling},
year = {2005},
volume = {8},
pages = {453-460}
}
@article {JIT,
author = {Ondrej Cepek and Sung, S. C.},
title = {JUST-IN-TIME SCHEDULING WITH PERIODIC TIME SLOTS},
journal = {Scientiae Mathematicae Japonicae Online},
year = {2004},
volume = {10},
pages = {431-437}
}
%%チェック
@inbook {rgf,
author = {Kreher. Donald L.},
title = {Combinatorial algorithms; generation, enumeration, and search},
year = {1999},
publisher = {CRC Press Boca Raton London New York Washington, D.C.},
pages = {78-87}
}
@inbook {greedy,
author = {Juraj Hromkovic},
title = {Algorithmics for Hard Problems; Introduction to Combinatorial Optimization, Randomization, Approximation, and Heuristics},
year = {2001},
publisher = {Springer-Verlag Berlin Heidelberg},
pages = {156-160}
}
@article {BandB,
author = {A. H. Land and A. G. Doig},
title = {An automatic method of solving discrete programming problems},
journal = {The Econometric Society},
year = {1960},
volume = {28},
pages = {497-520}
}
@article {BandB2,
author = {Little, Murty, Sweeny and Karel},
title = {An Algorithm for the Traveling Salesman Problem},
journal = {Operations Research},
year = {1963},
volume = {11},
pages = {972-989}
}
@inbook{Lmax,
author = {Michael L. Pinedo},
title = {Scheduling; Theory, Algorithms, and Systems},
year = {2008},
isbn = {978-1-4614-2361-4},
publisher = {Springer-Verlag New York},
pages = {40-45},
}
@article{EDD1,
author={E. L. Lawler},
title={Optimal Sequencing of a Single Machine Subject to Precedence Constraints},
journal={Management Science},
year={1973},
volume={19},
pages={544-546}
}
@inbook{EDD2,
author={Lageweg, B.J. and Lenstra, J.K. and Kan, A.H.G.R.},
title={Minimizing maximum lateness on one machine: Computational experience and some applications},
year={1976},
publisher={Vereiniging voor Statististiek},
pages={25-41}
}
@inbook{3SAT,
author = {Michael R. Garey and David S. Johnson},
title = {Computers and Intractability; A Guide to the Theory of NP-Completeness},
year = {1990},
isbn = {0716710455},
publisher = {W. H. Freeman And Co},
pages = {13-18,236-244},
address = {New York, NY, USA},
}
@Mastersthesis{kawamata,
author={川俣友佳},
title={納期ズレ幅の導入による JIT スケジューリング問題の緩和とその解法},
type="修士論文",
school={青山学院大学},
year= {2012}
}
